


@TechReport{WaggSUC2014,
  author = 	 {J.Wagg and T. Bourke and J. Green and R. Braun},
  title = 	 {SKA1 SCIENTIFIC USE CASES},
  institution =  {SKA Organisation},
  year = 	 {2014},
  OPTkey = 	 {},
  OPTtype = 	 {},
  number =	 {SKA-SCI-USE-001},
  OPTaddress = 	 {},
  OPTmonth = 	 {},
  note =	 {Revision G dated 2014-03-14},
  OPTannote = 	 {}
}

@TechReport{McCoolTUC2014,
  author = 	 {R.~McCool},
  title = 	 {TECHNICAL USE CASES},
  institution =  {SKA Organisation},
  year = 	 {2014},
  OPTkey = 	 {},
  OPTtype = 	 {},
  number =	 {SKA-TEL-SKO-0000016},
  OPTaddress = 	 {},
  OPTmonth = 	 {},
  note =	 {Revision 01 dated 2014-08-01},
  OPTannote = 	 {}
}

@TechReport{GoundenTUC2015,
  author = 	 {Shagita Gounden},
  title = 	 {TECHNICAL USE CASE ANALYSIS},
  institution =  {SKA Science Data Processor Consortium},
  year = 	 {2015},
  OPTkey = 	 {},
  OPTtype = 	 {},
  number =	 {SKA-TEL-SDP-0000037},
  OPTaddress = 	 {},
  OPTmonth = 	 {},
  note =	 {Revision 1},
  OPTannote = 	 {}
}

@TechReport{ParametricModel,
  author = 	 {R. Bolton and R. Nijboer and A.-J Boonstra and S. Salvini and A. Scaife and M. Johnston-Hollitt and B. Stappers and B. Nikolic and A. Mika and G. van Diepen and C. Hollit},
  title = 	 {PDR.05 Parametric Models of SDP Compute Requirements},
  institution =  {SKA Science Data Processor Consortium},
  year = 	 {2015},
  OPTkey = 	 {},
  OPTtype = 	 {},
  number =	 {SKA-TEL-SDP-0000040},
  OPTaddress = 	 {},
  OPTmonth = 	 {},
  note =	 {Revision 1A},
  OPTannote = 	 {}
}

@TechReport{SDParch,
  author = 	 {P. Alexander and V. Allan and R. Bolton and P. C. Broekema and G. van Diepen and S. Gounden and Á. Mika and R. Nijboer and B. Nikolic and S. Ratcliffe and A. Scaife and R. Simmonds and J. Taylor and A. Wicenec},
  title = 	 {SDP Architecture},
  institution =  {SKA Science Data Processor Consortium},
  year = 	 {2016},
  OPTkey = 	 {},
  OPTtype = 	 {},
  number =	 {SKA-TEL-SDP-0000013},
  OPTaddress = 	 {},
  OPTmonth = 	 {},
  note =	 {Revision 02C},
  OPTannote = 	 {}
}


@TechReport{DDchoice,
  author = 	 {B. Nikolic and M. Farreras},
  title = 	 {SDP Memo: SDP Data Driven Architecture I: Justification},
  institution =  {SKA Science Data Processor Consortium},
  year = 	 {2016},
  OPTkey = 	 {},
  OPTtype = 	 {},
  number =	 {SKA-TEL-SDP-0000066},
  OPTaddress = 	 {},
  OPTmonth = 	 {},
  note =	 {Revision 01C},
  OPTannote = 	 {}
}

